<?xml version="1.0" encoding="UTF-8"?>
<collection xmlns:xsi="http://www.w3.org/2001/XMLSchema-instance" xsi:schemaLocation="http://www.loc.gov/MARC21/slim http://www.loc.gov/standards/marcxml/schema/MARC21slim.xsd" xmlns="http://www.loc.gov/MARC21/slim">
<record>
  <leader>01405cam a2200337 a 4500</leader>
  <controlfield tag="001">2959329</controlfield>
  <controlfield tag="003">NNC</controlfield>
  <controlfield tag="005">20140126214745.0</controlfield>
  <controlfield tag="008">840809m19549999iq            000 0 ara d</controlfield>
  <datafield tag="010" ind1=" " ind2=" ">
    <subfield code="a">   60034368 /NE//R73</subfield>
  </datafield>
  <datafield tag="035" ind1=" " ind2=" ">
    <subfield code="a">(OCoLC)11034817</subfield>
  </datafield>
  <datafield tag="035" ind1=" " ind2=" ">
    <subfield code="a">(OCoLC)ocm11034817</subfield>
  </datafield>
  <datafield tag="035" ind1=" " ind2=" ">
    <subfield code="9">ASK4464CU</subfield>
  </datafield>
  <datafield tag="035" ind1=" " ind2=" ">
    <subfield code="a">(NNC)2959329</subfield>
  </datafield>
  <datafield tag="040" ind1=" " ind2=" ">
    <subfield code="a">DLC</subfield>
    <subfield code="c">OSU</subfield>
    <subfield code="d">OSU</subfield>
    <subfield code="d">CGU</subfield>
    <subfield code="d">CtY</subfield>
    <subfield code="d">UkMaJRU</subfield>
    <subfield code="d">EG-CaAUA</subfield>
  </datafield>
  <datafield tag="050" ind1=" " ind2="4">
    <subfield code="a">BP192.8</subfield>
    <subfield code="b">.A35</subfield>
  </datafield>
  <datafield tag="066" ind1=" " ind2=" ">
    <subfield code="c">(3</subfield>
  </datafield>
  <datafield tag="090" ind1=" " ind2=" ">
    <subfield code="a">BP193</subfield>
    <subfield code="b">.A4</subfield>
  </datafield>
  <datafield tag="100" ind1="1" ind2=" ">
    <subfield code="6">880-01</subfield>
    <subfield code="a">Āghā Buzurg al-Ṭihrānī, Muḥammad Muḥsin,</subfield>
    <subfield code="d">1875-1970.</subfield>
  </datafield>
  <datafield tag="240" ind1="1" ind2="0">
    <subfield code="6">880-02</subfield>
    <subfield code="a">Aʻlām al-Shīʻah.</subfield>
    <subfield code="f">1954</subfield>
  </datafield>
  <datafield tag="245" ind1="1" ind2="0">
    <subfield code="6">880-03</subfield>
    <subfield code="a">Ṭabaqāt aʻlām al-Shīʻah /</subfield>
    <subfield code="c">taʾlīf Āghā Buzurg al-Ṭihrānī.</subfield>
  </datafield>
  <datafield tag="260" ind1=" " ind2=" ">
    <subfield code="6">880-04</subfield>
    <subfield code="a">al-Najaf :</subfield>
    <subfield code="b">al-Maṭbaʻah al-ʻIlmīyah,</subfield>
    <subfield code="c">1954-</subfield>
  </datafield>
  <datafield tag="300" ind1=" " ind2=" ">
    <subfield code="a">v.  ;</subfield>
    <subfield code="c">26 cm.</subfield>
  </datafield>
  <datafield tag="505" ind1="1" ind2=" ">
    <subfield code="a">al-Juzʾ 1. Nuqabāʾ al-bashar fī al-qarn al-rābiʻ ʻashar. 1954- -- al-Juzʾ 2. al-Karām al-bararah fī al-qarn al-thālith baʻd al-ʻasharah. 1954.</subfield>
  </datafield>
  <datafield tag="650" ind1=" " ind2="0">
    <subfield code="a">Shiites</subfield>
    <subfield code="v">Biography.</subfield>
  </datafield>
  <datafield tag="880" ind1="1" ind2=" ">
    <subfield code="6">100-01/(3/r</subfield>
    <subfield code="a">أغا بزرك الطهراني، محمد محسن,</subfield>
    <subfield code="d">1875-1970.</subfield>
  </datafield>
  <datafield tag="880" ind1="1" ind2="0">
    <subfield code="6">240-02/(3/r</subfield>
    <subfield code="a">أعلام الشيعة</subfield>
  </datafield>
  <datafield tag="880" ind1="1" ind2="0">
    <subfield code="6">245-03/(3/r</subfield>
    <subfield code="a">طبقات أعلام الشيعة /</subfield>
    <subfield code="c">تأليف أغا بزرك الطهراني.</subfield>
  </datafield>
  <datafield tag="880" ind1=" " ind2=" ">
    <subfield code="6">260-04/(3/r</subfield>
    <subfield code="a">النجف :</subfield>
    <subfield code="b">المطبعة العلمية،</subfield>
    <subfield code="c">١٩٥٤-</subfield>
  </datafield>
  <datafield tag="955" ind1=" " ind2=" ">
    <subfield code="b">0045341877</subfield>
    <subfield code="d">glx</subfield>
    <subfield code="e">BP192.8 .A35</subfield>
    <subfield code="v">v.1, pt.3</subfield>
  </datafield>
</record>
</collection>